Automatically generated by Mendeley Desktop 1.17.11
Any changes to this file will be lost if it is regenerated by Mendeley.

BibTeX export options can be customized via Preferences -> BibTeX in Mendeley Desktop

@article{Acero2013,
author = {Acero, A J and Rebollo-Mu{\~{n}}oz, N and Montanero, J M and Ga{\~{n}}{\'{a}}n-Calvo, A M and Vega, E J},
doi = {10.1088/0960-1317/23/6/065009},
issn = {0960-1317},
journal = {Journal of Micromechanics and Microengineering},
month = {jun},
number = {6},
pages = {065009},
title = {{A new flow focusing technique to produce very thin jets}},
url = {http://stacks.iop.org/0960-1317/23/i=6/a=065009?key=crossref.b73fd8f1d6136500bb8fa6f6d4d1ca45},
volume = {23},
year = {2013}
}
