Automatically generated by Mendeley Desktop 1.17.11
Any changes to this file will be lost if it is regenerated by Mendeley.

BibTeX export options can be customized via Preferences -> BibTeX in Mendeley Desktop

@book{Al-Azzawi2007,
abstract = {Ch. 1. nature of light -- Ch. 2. Light and shadows -- Ch. 3. Thermal radiation -- Ch. 4. Light production -- Ch. 5. Light intensity -- Ch. 6. Light and colour -- Ch. 7. Laws of light -- Ch. 8. Plane mirrors -- Ch. 9. Spherical mirrors -- Ch. 10. Lenses -- Ch. 11. Prisms -- Ch. 12. Beamsplitters -- Ch. 13. Light passing through optical components -- Ch. 14. Optical instruments for viewing applications -- Ch. 15. Polarization of light -- Ch. 16. Optical materials -- Ch. 17. Waves -- Ch. 18. Interference and diffraction -- Ch. 19. diffraction grating -- Ch. 20. Interferometers -- Ch. 21. Spectrometers and spectroscopes -- Ch. 22. Fibre optic cables -- Ch. 23. Advanced fibre optic cables -- Ch. 24. Light attenuation in optical components -- Ch. 25. Fibre-optic cable types and installations -- Ch. 26. Fibre-optic connectors -- Ch. 27. Passive fibre optic devices -- Ch. 28. Wavelength division multiplexer -- Ch. 29. Optical amplifiers -- Ch. 30. Optical receivers -- Ch. 31. Lasers -- Ch. 32. Optical switches -- Ch. 33. Optical fibre communications -- Ch. 34. Fibre optic lighting -- Ch. 35. Fibre optic testing -- Ch. 36. Photonics laboratory safety -- App. A. Details of the devices, components, tools, and parts -- App. B. Alignment procedure of a conventional articulating spectrometer -- App. C. Lighting lamps.},
author = {Al-Azzawi, Abdul.},
isbn = {0849382904},
pages = {917},
publisher = {CRC Press},
title = {{Photonics : principles and practices}},
url = {https://books.google.com/books?id=H3dtlDZrfwkC{\&}pg=PA9},
year = {2007}
}
