Automatically generated by Mendeley Desktop 1.17.11
Any changes to this file will be lost if it is regenerated by Mendeley.

BibTeX export options can be customized via Preferences -> BibTeX in Mendeley Desktop

@book{Altarelli2006,
author = {Altarelli, Massimo. and {Deutsches Elektronen-Synchrotron (Center). X-Ray Free-Electron Laser Project.}},
isbn = {3935702175},
pages = {630},
publisher = {DESY XFEL Project Group},
title = {{XFEL : the European X-ray free-electron laser : technical design report}},
year = {2006}
}
