Automatically generated by Mendeley Desktop 1.17.11
Any changes to this file will be lost if it is regenerated by Mendeley.

BibTeX export options can be customized via Preferences -> BibTeX in Mendeley Desktop

@article{Balafas1995,
author = {Balafas, J S and Dewey, T G},
journal = {Physical Review E},
number = {1},
title = {{Multifractal analysis of solvent accessibilities in proteins}},
url = {http://pre.aps.org/abstract/PRE/v52/i1/p880{\_}1},
volume = {52},
year = {1995}
}
