Automatically generated by Mendeley Desktop 1.17.11
Any changes to this file will be lost if it is regenerated by Mendeley.

BibTeX export options can be customized via Preferences -> BibTeX in Mendeley Desktop

@article{Bauschke2003,
author = {Bauschke, H H and Combettes, P L and Luke, D R},
journal = {JOSA A},
number = {6},
pages = {1025--1034},
title = {{Hybrid projection-reflection method for phase retrieval}},
url = {http://www.opticsinfobase.org/abstract.cfm?uri=josaa-20-6-1025},
volume = {20},
year = {2003}
}
