Automatically generated by Mendeley Desktop 1.17.11
Any changes to this file will be lost if it is regenerated by Mendeley.

BibTeX export options can be customized via Preferences -> BibTeX in Mendeley Desktop

@article{Bergh2008,
author = {Bergh, Magnus and Huldt, G{\"{o}}sta and T{\^{i}}mneanu, Nicusor and Maia, Filipe R. N. C. and Hajdu, Janos},
doi = {10.1017/S003358350800471X},
file = {:Users/Goldmund/Library/Application Support/Mendeley Desktop/Downloaded/Bergh et al. - 2008 - Feasibility of imaging living cells at subnanometer resolutions by ultrafast X-ray diffraction.pdf:pdf},
issn = {0033-5835},
journal = {Quarterly Reviews of Biophysics},
month = {nov},
number = {3-4},
pages = {181},
publisher = {Cambridge University Press},
title = {{Feasibility of imaging living cells at subnanometer resolutions by ultrafast X-ray diffraction}},
url = {http://www.journals.cambridge.org/abstract{\_}S003358350800471X},
volume = {41},
year = {2008}
}
