Automatically generated by Mendeley Desktop 1.17.11
Any changes to this file will be lost if it is regenerated by Mendeley.

BibTeX export options can be customized via Preferences -> BibTeX in Mendeley Desktop

@article{Berman2000,
author = {Berman, H. M.},
doi = {10.1093/nar/28.1.235},
issn = {13624962},
journal = {Nucleic Acids Research},
month = {jan},
number = {1},
pages = {235--242},
title = {{The Protein Data Bank}},
url = {https://academic.oup.com/nar/article-lookup/doi/10.1093/nar/28.1.235},
volume = {28},
year = {2000}
}
