Automatically generated by Mendeley Desktop 1.17.11
Any changes to this file will be lost if it is regenerated by Mendeley.

BibTeX export options can be customized via Preferences -> BibTeX in Mendeley Desktop

@article{Bishop1998,
author = {Bishop, C M and Svens{\'{e}}n, M and Williams, C K I},
journal = {Neural computation},
number = {1995},
pages = {215--234},
title = {{GTM: The generative topographic mapping}},
url = {http://www.mitpressjournals.org/doi/abs/10.1162/089976698300017953},
volume = {234},
year = {1998}
}
