Automatically generated by Mendeley Desktop 1.17.11
Any changes to this file will be lost if it is regenerated by Mendeley.

BibTeX export options can be customized via Preferences -> BibTeX in Mendeley Desktop

@article{Bobkov2015,
author = {Bobkov, S A and Teslyuk, A B and Kurta, R P and Gorobtsov, O Yu and Yefanov, O M and Ilyin, V A and Senin, R A and Vartanyants, I A},
journal = {Journal of synchrotron radiation},
keywords = {coherent diffraction imaging,principal component analysis,support vector},
pages = {1345--1352},
title = {{Sorting algorithms for single-particle imaging experiments at X-ray free-electron lasers Sorting algorithms for single-particle imaging experiments at X-ray free-electron lasers}},
volume = {22},
year = {2015}
}
