Automatically generated by Mendeley Desktop 1.17.11
Any changes to this file will be lost if it is regenerated by Mendeley.

BibTeX export options can be customized via Preferences -> BibTeX in Mendeley Desktop

@article{Bogan2008,
annote = {PMID: 18095739},
author = {Bogan, Michael J and Benner, W Henry and Boutet, S{\'{e}}bastien and Rohner, Urs and Frank, Matthias and Barty, Anton and Seibert, M Marvin and Maia, Filipe and Marchesini, Stefano and Bajt, Sa{\v{s}}a and Woods, Bruce and Riot, Vincent and Hau-Riege, Stefan P and Svenda, Martin and Marklund, Erik and Spiller, Eberhard and Hajdu, Janos and Chapman, Henry N},
doi = {10.1021/nl072728k},
issn = {1530-6984},
journal = {Nano Letters},
month = {jan},
number = {1},
pages = {310--316},
title = {{Single Particle X-ray Diffractive Imaging}},
url = {http://dx.doi.org/10.1021/nl072728k http://pubs.acs.org/doi/abs/10.1021/nl072728k},
volume = {8},
year = {2008}
}
