Automatically generated by Mendeley Desktop 1.17.11
Any changes to this file will be lost if it is regenerated by Mendeley.

BibTeX export options can be customized via Preferences -> BibTeX in Mendeley Desktop

@article{Bogan2010,
author = {Bogan, Michael J and Starodub, Dmitri and Hampton, Christina Y and Sierra, Raymond G},
doi = {10.1088/0953-4075/43/19/194013},
issn = {0953-4075},
journal = {Journal of Physics B: Atomic, Molecular and Optical Physics},
month = {oct},
number = {19},
pages = {194013},
title = {{Single-particle coherent diffractive imaging with a soft x-ray free electron laser: towards soot aerosol morphology}},
url = {http://stacks.iop.org/0953-4075/43/i=19/a=194013?key=crossref.924e596a9dcf5ae6f8b0501e6c05e440},
volume = {43},
year = {2010}
}
