Automatically generated by Mendeley Desktop 1.17.11
Any changes to this file will be lost if it is regenerated by Mendeley.

BibTeX export options can be customized via Preferences -> BibTeX in Mendeley Desktop

@book{Born1970,
author = {Born, Max and Wolf, Emil},
isbn = {978-0-08-026482-0},
title = {{Principles of Optics}},
year = {1970}
}
