Automatically generated by Mendeley Desktop 1.17.11
Any changes to this file will be lost if it is regenerated by Mendeley.

BibTeX export options can be customized via Preferences -> BibTeX in Mendeley Desktop

@article{Bostedt2013,
author = {Bostedt, C and Bozek, J D and Bucksbaum, P H and Coffee, R N and Hastings, J B and Huang, Z and Lee, R W and Schorb, S and Corlett, J N and Denes, P and Emma, P and Falcone, R W and Schoenlein, R W and Doumy, G and Kanter, E P and Kraessig, B and Southworth, S and Young, L and Fang, L and Hoener, M and Berrah, N and Roedig, C and DiMauro, L F},
doi = {10.1088/0953-4075/46/16/164003},
issn = {0953-4075},
journal = {Journal of Physics B: Atomic, Molecular and Optical Physics},
month = {aug},
pages = {164003},
title = {{Ultra-fast and ultra-intense x-ray sciences: first results from the Linac Coherent Light Source free-electron laser}},
url = {http://stacks.iop.org/0953-4075/46/i=16/a=164003?key=crossref.a5003cc06016a46414646bbb3506bcc2},
volume = {46},
year = {2013}
}
