Automatically generated by Mendeley Desktop 1.17.11
Any changes to this file will be lost if it is regenerated by Mendeley.

BibTeX export options can be customized via Preferences -> BibTeX in Mendeley Desktop

@article{Bottcher1997,
author = {B{\"{o}}ttcher, B and Wynne, S A and Crowther, R A},
journal = {Nature},
number = {6 March},
pages = {88--91},
title = {{Determination of the fold of the core protein of hepatitis B virus by electron cryomicroscopy}},
url = {http://www.nature.com/nature/journal/v386/n6620/abs/386088a0.html},
volume = {386},
year = {1997}
}
