Automatically generated by Mendeley Desktop 1.17.11
Any changes to this file will be lost if it is regenerated by Mendeley.

BibTeX export options can be customized via Preferences -> BibTeX in Mendeley Desktop

@article{Bracewell1956,
author = {Bracewell, R N},
journal = {Australian Journal of Physics},
title = {{Strip Integration in Radio Astronomy}},
url = {http://www.publish.csiro.au/?paper=PH560198},
year = {1956}
}
