Automatically generated by Mendeley Desktop 1.17.11
Any changes to this file will be lost if it is regenerated by Mendeley.

BibTeX export options can be customized via Preferences -> BibTeX in Mendeley Desktop

@article{Brunger1992,
author = {Br{\"{u}}nger, A T},
journal = {Nature},
pages = {472},
title = {{Free R value: a novel statistical quantity for assessing the accuracy of crystal structures}},
url = {http://hod.greeley.org/papers/ByAuthor/Brunger/nature{\_}1992{\_}472.pdf},
volume = {355},
year = {1992}
}
