Automatically generated by Mendeley Desktop 1.17.11
Any changes to this file will be lost if it is regenerated by Mendeley.

BibTeX export options can be customized via Preferences -> BibTeX in Mendeley Desktop

@article{Burton2017,
abstract = {{\textless}p{\textgreater}Development and successful operation of an on-chip goniometer for macromolecular protein crystallography.{\textless}/p{\textgreater}},
author = {Burton, C. G. and Axford, D. and Edwards, A. M. J. and Gildea, R. J. and Morris, R. H. and Newton, M. I. and Orville, A. M. and Prince, M. and Topham, P. D. and Docker, P. T.},
doi = {10.1039/C7LC00812K},
issn = {1473-0197},
journal = {Lab on a Chip},
title = {{An acoustic on-chip goniometer for room temperature macromolecular crystallography}},
url = {http://xlink.rsc.org/?DOI=C7LC00812K},
year = {2017}
}
