Automatically generated by Mendeley Desktop 1.17.11
Any changes to this file will be lost if it is regenerated by Mendeley.

BibTeX export options can be customized via Preferences -> BibTeX in Mendeley Desktop

@article{Candes2013,
author = {Candes, E J and Eldar, Y C and Strohmer, T and Voroninski, V},
journal = {SIAM Journal on Imaging {\ldots}},
title = {{Phase Retrieval via Matrix Completion}},
url = {http://epubs.siam.org/doi/abs/10.1137/110848074},
year = {2013}
}
