Automatically generated by Mendeley Desktop 1.17.11
Any changes to this file will be lost if it is regenerated by Mendeley.

BibTeX export options can be customized via Preferences -> BibTeX in Mendeley Desktop

@article{Chalupsky2011,
author = {Chalupsky, J and Bohacek, P and Hajkova, V and Hau-Riege, S P and Heimann, P A and Juha, L and Krzywinski, J and Messerschmidt, M and Moeller, S P and Nagler, B and Rowen, M and Schlotter, W F and Swiggers, M L and Turner, J J},
doi = {10.1016/j.nima.2010.12.040},
issn = {01689002},
journal = {Nuclear Instruments and Methods in Physics Research Section A: Accelerators, Spectrometers, Detectors and Associated Equipment},
keywords = {Beam characterization,Beam focusing,Beam profile measurement,X-ray ablation,X-ray laser},
month = {mar},
number = {1},
pages = {130--133},
title = {{Comparing different approaches to characterization of focused X-ray laser beams}},
url = {http://www.sciencedirect.com/science/article/pii/S0168900210027816 http://linkinghub.elsevier.com/retrieve/pii/S0168900210027816},
volume = {631},
year = {2011}
}
