Automatically generated by Mendeley Desktop 1.17.11
Any changes to this file will be lost if it is regenerated by Mendeley.

BibTeX export options can be customized via Preferences -> BibTeX in Mendeley Desktop

@article{Chapman2006a,
annote = {Cowboys},
author = {Chapman, Henry N and Barty, Anton and Bogan, Michael J and Boutet, S{\'{e}}bastien and Frank, Matthias and Hau-Riege, Stefan P and Marchesini, Stefano and Woods, Bruce W and Bajt, Sa{\v{s}}a and Benner, W Henry and London, Richard a. and Pl{\"{o}}njes, Elke and Kuhlmann, Marion and Treusch, Rolf and D{\"{u}}sterer, Stefan and Tschentscher, Thomas and Schneider, Jochen R and Spiller, Eberhard and M{\"{o}}ller, Thomas and Bostedt, Christoph and Hoener, Matthias and Shapiro, David a. and Hodgson, Keith O and van der Spoel, David and Burmeister, Florian and Bergh, Magnus and Caleman, Carl and Huldt, G{\"{o}}sta and Seibert, M Marvin and Maia, Filipe R N C and Lee, Richard W and Sz{\"{o}}ke, Abraham and Timneanu, Nicusor and Hajdu, Janos},
doi = {10.1038/nphys461},
issn = {1745-2473},
journal = {Nature Physics},
month = {nov},
number = {12},
pages = {839--843},
title = {{Femtosecond diffractive imaging with a soft-X-ray free-electron laser}},
url = {http://www.nature.com/doifinder/10.1038/nphys461},
volume = {2},
year = {2006}
}
