Automatically generated by Mendeley Desktop 1.17.11
Any changes to this file will be lost if it is regenerated by Mendeley.

BibTeX export options can be customized via Preferences -> BibTeX in Mendeley Desktop

@article{Chapman1997,
author = {Chapman, Henry N},
keywords = {deconvolution,phase-retrieval,x-ray interferometry,x-ray microscopy,zone plates},
number = {925},
pages = {67--80},
title = {{PHASE-RETRIEVAL X-RAY MICROSCOPY BY WIGNER-DISTRIBUTION DECONVOLUTION : SIGNAL PROCESSING}},
volume = {11},
year = {1997}
}
