Automatically generated by Mendeley Desktop 1.17.11
Any changes to this file will be lost if it is regenerated by Mendeley.

BibTeX export options can be customized via Preferences -> BibTeX in Mendeley Desktop

@article{Chapman2006,
author = {Chapman, Henry N. and Barty, Anton and Marchesini, Stefano and Noy, Aleksandr and Hau-Riege, Stefan P. and Cui, Congwu and Howells, Malcolm R. and Rosen, Rachel and He, Haifeng and Spence, John C. H. and Weierstall, Uwe and Beetz, Tobias and Jacobsen, Chris and Shapiro, David},
doi = {10.1364/JOSAA.23.001179},
issn = {1084-7529},
journal = {Journal of the Optical Society of America A},
month = {may},
number = {5},
pages = {1179},
title = {{High-resolution ab initio three-dimensional x-ray diffraction microscopy}},
url = {https://www.osapublishing.org/abstract.cfm?URI=josaa-23-5-1179},
volume = {23},
year = {2006}
}
