Automatically generated by Mendeley Desktop 1.17.11
Any changes to this file will be lost if it is regenerated by Mendeley.

BibTeX export options can be customized via Preferences -> BibTeX in Mendeley Desktop

@article{Chapman2011b,
author = {Chapman, Henry N. and Fromme, Petra and Barty, Anton and White, Thomas A. and Kirian, Richard A. and Aquila, Andrew and Hunter, Mark S. and Schulz, Joachim and DePonte, Daniel P. and Weierstall, Uwe and Doak, R. Bruce and Maia, Filipe R. N. C. and Martin, Andrew V. and Schlichting, Ilme and Lomb, Lukas and Coppola, Nicola and Shoeman, Robert L. and Epp, Sascha W. and Hartmann, Robert and Rolles, Daniel and Rudenko, Artem and Foucar, Lutz and Kimmel, Nils and Weidenspointner, Georg and Holl, Peter and Liang, Mengning and Barthelmess, Miriam and Caleman, Carl and Boutet, S{\'{e}}bastien and Bogan, Michael J. and Krzywinski, Jacek and Bostedt, Christoph and Bajt, Sa{\v{s}}a and Gumprecht, Lars and Rudek, Benedikt and Erk, Benjamin and Schmidt, Carlo and H{\"{o}}mke, Andr{\'{e}} and Reich, Christian and Pietschner, Daniel and Str{\"{u}}der, Lothar and Hauser, G{\"{u}}nter and Gorke, Hubert and Ullrich, Joachim and Herrmann, Sven and Schaller, Gerhard and Schopper, Florian and Soltau, Heike and K{\"{u}}hnel, Kai-Uwe and Messerschmidt, Marc and Bozek, John D. and Hau-Riege, Stefan P. and Frank, Matthias and Hampton, Christina Y. and Sierra, Raymond G. and Starodub, Dmitri and Williams, Garth J. and Hajdu, Janos and Timneanu, Nicusor and Seibert, M. Marvin and Andreasson, Jakob and Rocker, Andrea and J{\"{o}}nsson, Olof and Svenda, Martin and Stern, Stephan and Nass, Karol and Andritschke, Robert and Schr{\"{o}}ter, Claus-Dieter and Krasniqi, Faton and Bott, Mario and Schmidt, Kevin E. and Wang, Xiaoyu and Grotjohann, Ingo and Holton, James M. and Barends, Thomas R. M. and Neutze, Richard and Marchesini, Stefano and Fromme, Raimund and Schorb, Sebastian and Rupp, Daniela and Adolph, Marcus and Gorkhover, Tais and Andersson, Inger and Hirsemann, Helmut and Potdevin, Guillaume and Graafsma, Heinz and Nilsson, Bj{\"{o}}rn and Spence, John C. H.},
doi = {10.1038/nature09750},
issn = {0028-0836},
journal = {Nature},
month = {feb},
number = {7332},
pages = {73--77},
title = {{Femtosecond X-ray protein nanocrystallography}},
url = {http://www.nature.com/doifinder/10.1038/nature09750},
volume = {470},
year = {2011}
}
