Automatically generated by Mendeley Desktop 1.17.11
Any changes to this file will be lost if it is regenerated by Mendeley.

BibTeX export options can be customized via Preferences -> BibTeX in Mendeley Desktop

@article{Christopher2007,
author = {Christopher, G F and Anna, S L},
doi = {10.1088/0022-3727/40/19/R01},
issn = {0022-3727},
journal = {Journal of Physics D: Applied Physics},
month = {oct},
number = {19},
pages = {R319--R336},
title = {{Microfluidic methods for generating continuous droplet streams}},
url = {http://stacks.iop.org/0022-3727/40/i=19/a=R01?key=crossref.d7a86ce1ad957acd3e27d1104e98069f},
volume = {40},
year = {2007}
}
