Automatically generated by Mendeley Desktop 1.17.11
Any changes to this file will be lost if it is regenerated by Mendeley.

BibTeX export options can be customized via Preferences -> BibTeX in Mendeley Desktop

@article{cooley1965,
annote = {URL: {\{}{\$}\backslash{\$}tt http://cr.yp.to/{\$}\backslash{\$}allowbreak bib/{\$}\backslash{\$}allowbreak entries.html{\#}{\$}\backslash{\$}allowbreak 1965/{\$}\backslash{\$}allowbreak cooley{\}}},
author = {Cooley, James W and Tukey, John W},
issn = {0025--5718},
journal = {Mathematics of Computation},
pages = {297--301},
title = {{An algorithm for the machine calculation of complex Fourier series}},
volume = {19},
year = {1965}
}
