Automatically generated by Mendeley Desktop 1.17.11
Any changes to this file will be lost if it is regenerated by Mendeley.

BibTeX export options can be customized via Preferences -> BibTeX in Mendeley Desktop

@book{Cornu1876,
author = {Cornu, Marie Alfred},
publisher = {Gauthier-Villars},
title = {{D{\'{e}}termination de la vitesse de la lumi{\`{e}}re: d'apr{\`{e}}s des exp{\'{e}}riences ex{\'{e}}cut{\'{e}}es en 1874 entre l'Observatoire et Montlh{\'{e}}ry}},
url = {http://jubilotheque.upmc.fr/ead.html?id=PC{\_}000295{\_}001},
year = {1876}
}
