Automatically generated by Mendeley Desktop 1.17.11
Any changes to this file will be lost if it is regenerated by Mendeley.

BibTeX export options can be customized via Preferences -> BibTeX in Mendeley Desktop

@article{Crimmins1983,
author = {Crimmins, T R and Fienup, J R},
doi = {10.1364/JOSA.73.000218},
isbn = {0030-3941},
issn = {0030-3941},
journal = {Journal of the Optical Society of America},
number = {2},
pages = {218},
title = {{Uniqueness of phase retrieval for functions with sufficiently disconnected support}},
volume = {73},
year = {1983}
}
