Automatically generated by Mendeley Desktop 1.17.11
Any changes to this file will be lost if it is regenerated by Mendeley.

BibTeX export options can be customized via Preferences -> BibTeX in Mendeley Desktop

@article{Dashti2014,
author = {Dashti, Ali and Schwander, Peter and Langlois, Robert and Fung, Russell and Li, Wen and Hosseinizadeh, Ahmad and Liao, Hstau Y},
doi = {10.1073/pnas.1419276111},
journal = {Proceedings of the National Academy of Sciences of the United States of America},
number = {49},
title = {{Trajectories of the ribosome as a Brownian nanomachine}},
volume = {111},
year = {2014}
}
