Automatically generated by Mendeley Desktop 1.17.11
Any changes to this file will be lost if it is regenerated by Mendeley.

BibTeX export options can be customized via Preferences -> BibTeX in Mendeley Desktop

@article{DePonte2008,
author = {DePonte, D P and Weierstall, U and Schmidt, K and Warner, J and Starodub, D and Spence, J C H and Doak, R B},
doi = {10.1088/0022-3727/41/19/195505},
issn = {0022-3727},
journal = {Journal of Physics D: Applied Physics},
month = {oct},
number = {19},
pages = {195505},
title = {{Gas dynamic virtual nozzle for generation of microscopic droplet streams}},
url = {http://stacks.iop.org/0022-3727/41/i=19/a=195505?key=crossref.330bd48581308f9e7a7f16a46c9c6d49},
volume = {41},
year = {2008}
}
