Automatically generated by Mendeley Desktop 1.17.11
Any changes to this file will be lost if it is regenerated by Mendeley.

BibTeX export options can be customized via Preferences -> BibTeX in Mendeley Desktop

@article{Donatelli2015a,
author = {Donatelli, Jeffrey J and Zwart, Peter H and Sethian, James a.},
doi = {10.1073/pnas.1513738112},
issn = {0027-8424},
journal = {Proceedings of the National Academy of Sciences},
pages = {201513738},
title = {{Iterative phasing for fluctuation X-ray scattering}},
url = {http://www.pnas.org/lookup/doi/10.1073/pnas.1513738112},
year = {2015}
}
