Automatically generated by Mendeley Desktop 1.17.11
Any changes to this file will be lost if it is regenerated by Mendeley.

BibTeX export options can be customized via Preferences -> BibTeX in Mendeley Desktop

@article{Eisebitt2008,
abstract = {Introducing coded apertures to X-ray laser holography paves a route to efficient imaging at the nanoscale.},
author = {Eisebitt, Stefan},
doi = {10.1038/nphoton.2008.182},
isbn = {1749-4885},
issn = {1749-4885},
journal = {Nature Photonics},
pmid = {1502518},
title = {{X-ray holography: The hole story}},
year = {2008}
}
