Automatically generated by Mendeley Desktop 1.17.11
Any changes to this file will be lost if it is regenerated by Mendeley.

BibTeX export options can be customized via Preferences -> BibTeX in Mendeley Desktop

@phdthesis{Ekeberg2012,
author = {Ekeberg, Tomas},
school = {Uppsala University},
title = {{Flash Diffractive Imaging in Three Dimensions}},
type = {Doctoral Thesis},
year = {2012}
}
