Automatically generated by Mendeley Desktop 1.17.11
Any changes to this file will be lost if it is regenerated by Mendeley.

BibTeX export options can be customized via Preferences -> BibTeX in Mendeley Desktop

@article{Ekeberg2016,
author = {Ekeberg, Tomas and Svenda, Martin and Seibert, M. Marvin and Abergel, Chantal and Maia, Filipe R.N.C. and Seltzer, Virginie and DePonte, Daniel P. and Aquila, Andrew and Andreasson, Jakob and Iwan, Bianca and J{\"{o}}nsson, Olof and Westphal, Daniel and Odi{\'{c}}, Du{\v{s}}ko and Andersson, Inger and Barty, Anton and Liang, Meng and Martin, Andrew V. and Gumprecht, Lars and Fleckenstein, Holger and Bajt, Sa{\v{s}}a and Barthelmess, Miriam and Coppola, Nicola and Claverie, Jean-Michel and Loh, N. Duane and Bostedt, Christoph and Bozek, John D. and Krzywinski, Jacek and Messerschmidt, Marc and Bogan, Michael J. and Hampton, Christina Y. and Sierra, Raymond G. and Frank, Matthias and Shoeman, Robert L. and Lomb, Lukas and Foucar, Lutz and Epp, Sascha W. and Rolles, Daniel and Rudenko, Artem and Hartmann, Robert and Hartmann, Andreas and Kimmel, Nils and Holl, Peter and Weidenspointner, Georg and Rudek, Benedikt and Erk, Benjamin and Kassemeyer, Stephan and Schlichting, Ilme and Str{\"{u}}der, Lothar and Ullrich, Joachim and Schmidt, Carlo and Krasniqi, Faton and Hauser, G{\"{u}}nter and Reich, Christian and Soltau, Heike and Schorb, Sebastian and Hirsemann, Helmut and Wunderer, Cornelia and Graafsma, Heinz and Chapman, Henry and Hajdu, Janos},
doi = {10.1038/sdata.2016.60},
issn = {2052-4463},
journal = {Scientific Data},
month = {aug},
pages = {160060},
title = {{Single-shot diffraction data from the Mimivirus particle using an X-ray free-electron laser}},
url = {http://www.nature.com/articles/sdata201660},
volume = {3},
year = {2016}
}
