Automatically generated by Mendeley Desktop 1.17.11
Any changes to this file will be lost if it is regenerated by Mendeley.

BibTeX export options can be customized via Preferences -> BibTeX in Mendeley Desktop

@article{Ekeberg2015,
author = {Ekeberg, Tomas and Svenda, Martin and Abergel, Chantal and Maia, Filipe R. N. C. and Seltzer, Virginie and Claverie, Jean-Michel and Hantke, Max and J{\"{o}}nsson, Olof and Nettelblad, Carl and van der Schot, Gijs and Liang, Mengning and DePonte, Daniel P. and Barty, Anton and Seibert, M. Marvin and Iwan, Bianca and Andersson, Inger and Loh, N. Duane and Martin, Andrew V. and Chapman, Henry and Bostedt, Christoph and Bozek, John D. and Ferguson, Ken R. and Krzywinski, Jacek and Epp, Sascha W. and Rolles, Daniel and Rudenko, Artem and Hartmann, Robert and Kimmel, Nils and Hajdu, Janos},
doi = {10.1103/PhysRevLett.114.098102},
file = {:Users/Goldmund/Library/Application Support/Mendeley Desktop/Downloaded/Ekeberg et al. - 2015 - Three-Dimensional Reconstruction of the Giant Mimivirus Particle with an X-Ray Free-Electron Laser.pdf:pdf},
issn = {0031-9007},
journal = {Physical Review Letters},
month = {mar},
number = {9},
pages = {098102},
publisher = {American Physical Society},
title = {{Three-Dimensional Reconstruction of the Giant Mimivirus Particle with an X-Ray Free-Electron Laser}},
url = {https://link.aps.org/doi/10.1103/PhysRevLett.114.098102},
volume = {114},
year = {2015}
}
