Automatically generated by Mendeley Desktop 1.17.11
Any changes to this file will be lost if it is regenerated by Mendeley.

BibTeX export options can be customized via Preferences -> BibTeX in Mendeley Desktop

@article{Emma2010,
abstract = {Abstract The recently commissioned Linac Coherent Light Source is an X-ray free-electron laser at the SLAC National Accelerator Laboratory. It produces coherent soft and hard X-rays with peak brightness nearly ten orders of magnitude beyond conventional synchrotron ... {\$}\backslash{\$}n},
annote = {10.1038/nphoton.2010.176},
author = {Emma, P and Akre, R and Arthur, J and Bionta, R and Bostedt, C and Bozek, J and Brachmann, A and Bucksbaum, P and Coffee, R and Decker, F.-J. and Ding, Y and Dowell, D and Edstrom, S and Fisher, A and Frisch, J and Gilevich, S and Hastings, J and Hays, G and Hering, Ph. and Huang, Z and Iverson, R and Loos, H and Messerschmidt, M and Miahnahri, A and Moeller, S and Nuhn, H.-D. and Pile, G and Ratner, D and Rzepiela, J and Schultz, D and Smith, T and Stefan, P and Tompkins, H and Turner, J and Welch, J and White, W and Wu, J and Yocky, G and Galayda, J},
doi = {10.1038/nphoton.2010.176},
isbn = {doi:10.1038/nphoton.2010.176},
issn = {1749-4885},
journal = {Nature Photonics},
month = {sep},
number = {9},
pages = {641--647},
publisher = {Nature Publishing Group},
title = {{First lasing and operation of an {\aa}ngstrom-wavelength free-electron laser}},
url = {http://dx.doi.org/10.1038/nphoton.2010.176 http://www.nature.com/doifinder/10.1038/nphoton.2010.176},
volume = {4},
year = {2010}
}
