Automatically generated by Mendeley Desktop 1.17.11
Any changes to this file will be lost if it is regenerated by Mendeley.

BibTeX export options can be customized via Preferences -> BibTeX in Mendeley Desktop

@article{Fan2016a,
author = {Fan, Jiadong and Sun, Zhibin and Wang, Yaling and Park, Jaehyun and Kim, Sunam and Gallagher-Jones, Marcus and Kim, Yoonhee and Song, Changyong and Yao, Shengkun and Zhang, Jianhua and Zhang, Jianhua and Duan, Xiulan and Tono, Kensuke and Yabashi, Makina and Ishikawa, Tetsuya and Fan, Chunhai and Zhao, Yuliang and Chai, Zhifang and Gao, Xueyun and Earnest, Thomas and Jiang, Huaidong},
doi = {10.1038/srep34008},
issn = {2045-2322},
journal = {Scientific Reports},
month = {dec},
number = {1},
pages = {34008},
publisher = {Nature Publishing Group},
title = {{Single-pulse enhanced coherent diffraction imaging of bacteria with an X-ray free-electron laser}},
url = {http://dx.doi.org/10.1038/srep34008 http://www.nature.com/articles/srep34008},
volume = {6},
year = {2016}
}
