Automatically generated by Mendeley Desktop 1.17.11
Any changes to this file will be lost if it is regenerated by Mendeley.

BibTeX export options can be customized via Preferences -> BibTeX in Mendeley Desktop

@article{Farrow1992,
author = {Farrow, N A and Ottensmeyer, F P},
journal = {JOSA A},
number = {10},
title = {{A posteriori determination of relative projection directions of arbitrarily oriented macromolecules}},
url = {http://www.opticsinfobase.org/abstract.cfm?uri=josaa-9-10-1749},
volume = {9},
year = {1992}
}
