Automatically generated by Mendeley Desktop 1.17.11
Any changes to this file will be lost if it is regenerated by Mendeley.

BibTeX export options can be customized via Preferences -> BibTeX in Mendeley Desktop

@article{Fienup1978a,
abstract = {We present a digital method for solving the phase-retrieval problem of optical-coherence theory: the reconstruction of a general object from the modulus of its Fourier transform. This technique should be useful for obtaining high-resolution imagery from interferometer data.},
annote = {no comments},
author = {Fienup, J R},
doi = {10.1364/OL.3.000027},
isbn = {0146-9592},
issn = {0146-9592},
journal = {Optics Letters},
month = {jul},
number = {1},
pages = {27},
pmid = {19684685},
title = {{Reconstruction of an object from the modulus of its Fourier transform}},
url = {https://www.osapublishing.org/abstract.cfm?URI=ol-3-1-27},
volume = {3},
year = {1978}
}
