Automatically generated by Mendeley Desktop 1.17.11
Any changes to this file will be lost if it is regenerated by Mendeley.

BibTeX export options can be customized via Preferences -> BibTeX in Mendeley Desktop

@article{Fischer2010,
author = {Fischer, Niels and Konevega, Andrey L and Wintermeyer, Wolfgang and Rodnina, Marina V and Stark, Holger},
doi = {10.1038/nature09206},
issn = {0028-0836},
journal = {Nature},
number = {7304},
pages = {329--333},
publisher = {Nature Publishing Group},
title = {{Ribosome dynamics and tRNA movement by time-resolved electron cryomicroscopy}},
url = {http://www.nature.com/doifinder/10.1038/nature09206},
volume = {466},
year = {2010}
}
