Automatically generated by Mendeley Desktop 1.17.11
Any changes to this file will be lost if it is regenerated by Mendeley.

BibTeX export options can be customized via Preferences -> BibTeX in Mendeley Desktop

@article{Foucar2012,
author = {Foucar, Lutz and Barty, Anton and Coppola, Nicola and Hartmann, Robert and Holl, Peter and Hoppe, Uwe and Kassemeyer, Stephan and Kimmel, Nils and K{\"{u}}pper, Jochen and Scholz, Mirko and Techert, Simone and White, Thomas a. and Str{\"{u}}der, Lothar and Ullrich, Joachim},
doi = {10.1016/j.cpc.2012.04.023},
issn = {00104655},
journal = {Computer Physics Communications},
month = {oct},
pages = {2207--2213},
publisher = {Elsevier B.V.},
title = {{CASSâ€”CFEL-ASG software suite}},
url = {http://linkinghub.elsevier.com/retrieve/pii/S0010465512001622},
volume = {183},
year = {2012}
}
