Automatically generated by Mendeley Desktop 1.17.11
Any changes to this file will be lost if it is regenerated by Mendeley.

BibTeX export options can be customized via Preferences -> BibTeX in Mendeley Desktop

@article{Froome1958,
author = {Froome, K. D. and D., K.},
doi = {10.1098/rspa.1958.0172},
issn = {1364-5021},
journal = {Proceedings of the Royal Society A: Mathematical, Physical and Engineering Sciences},
month = {sep},
number = {1248},
pages = {109--122},
title = {{A New Determination of the Free-Space Velocity of Electromagnetic Waves}},
url = {http://rspa.royalsocietypublishing.org/cgi/doi/10.1098/rspa.1958.0172},
volume = {247},
year = {1958}
}
