Automatically generated by Mendeley Desktop 1.17.11
Any changes to this file will be lost if it is regenerated by Mendeley.

BibTeX export options can be customized via Preferences -> BibTeX in Mendeley Desktop

@article{Froome1971,
author = {Froome, K D and Essen, L and Rhodes, Richard A},
doi = {10.1063/1.3022741},
journal = {Physics Today},
month = {may},
number = {5},
pages = {49},
title = {{The Velocity of Light And Radio Waves}},
url = {http://physicstoday.scitation.org/doi/10.1063/1.3022741},
volume = {24},
year = {1971}
}
