Automatically generated by Mendeley Desktop 1.17.11
Any changes to this file will be lost if it is regenerated by Mendeley.

BibTeX export options can be customized via Preferences -> BibTeX in Mendeley Desktop

@article{Fung2008,
author = {Fung, Russell and Shneerson, Valentin and Saldin, Dilano K and Ourmazd, Abbas},
doi = {10.1038/nphys1129},
issn = {1745-2473},
journal = {Nature Physics},
month = {nov},
number = {1},
pages = {64--67},
publisher = {Nature Publishing Group},
title = {{Structure from fleeting illumination of faint spinning objects in flight}},
url = {http://www.nature.com/doifinder/10.1038/nphys1129},
volume = {5},
year = {2008}
}
