Automatically generated by Mendeley Desktop 1.17.11
Any changes to this file will be lost if it is regenerated by Mendeley.

BibTeX export options can be customized via Preferences -> BibTeX in Mendeley Desktop

@article{Fung2016,
author = {Fung, R and Ourmazd, A and Hanna, A M and Vendrell, O and Ramakrishna, S and Seideman, T and Santra, R and Ourmazd, A},
doi = {10.1038/nature17627},
issn = {0028-0836},
journal = {Nature},
number = {7600},
pages = {471--475},
publisher = {Nature Publishing Group},
title = {{Dynamics from noisy data with extreme timing uncertainty}},
url = {http://www.nature.com/doifinder/10.1038/nature17627},
volume = {532},
year = {2016}
}
