Automatically generated by Mendeley Desktop 1.17.11
Any changes to this file will be lost if it is regenerated by Mendeley.

BibTeX export options can be customized via Preferences -> BibTeX in Mendeley Desktop

@techreport{Galayda2003,
author = {Galayda, Jn},
number = {September 2000},
title = {{LCLS The First Experiments}},
url = {http://www.slac.stanford.edu/pubs/slacreports/slac-r-611.html},
year = {2003}
}
