Automatically generated by Mendeley Desktop 1.17.11
Any changes to this file will be lost if it is regenerated by Mendeley.

BibTeX export options can be customized via Preferences -> BibTeX in Mendeley Desktop

@article{Geilhufe2014a,
author = {Geilhufe, J and Tieg, C and Pfau, B and G{\"{u}}nther, C M and Guehrs, E and Schaffert, S and Eisebitt, S},
doi = {10.1364/OE.22.024959},
issn = {1094-4087},
journal = {Optics Express},
number = {21},
pages = {24959},
title = {{Extracting depth information of 3-dimensional structures from a single-view X-ray Fourier-transform hologram}},
url = {http://www.opticsinfobase.org/abstract.cfm?URI=oe-22-21-24959},
volume = {22},
year = {2014}
}
