Automatically generated by Mendeley Desktop 1.17.11
Any changes to this file will be lost if it is regenerated by Mendeley.

BibTeX export options can be customized via Preferences -> BibTeX in Mendeley Desktop

@article{GerchbergSaxton1972,
author = {Gerchberg, R W and Saxton, W Owen},
journal = {Optik},
keywords = {algorithm,cgh,hologram,pingpong},
pages = {237--246},
title = {{A practical algorithm for the determination of the phase from image and diffraction plane pictures}},
volume = {35},
year = {1972}
}
