Automatically generated by Mendeley Desktop 1.17.11
Any changes to this file will be lost if it is regenerated by Mendeley.

BibTeX export options can be customized via Preferences -> BibTeX in Mendeley Desktop

@article{Gorkhover2016,
author = {Gorkhover, Tais and Schorb, Sebastian and Coffee, Ryan and Adolph, Marcus and Foucar, Lutz and Rupp, Daniela and Aquila, Andrew and Bozek, John D and Epp, Sascha W and Erk, Benjamin and Gumprecht, Lars and Holmegaard, Lotte and Hartmann, Andreas and Hartmann, Robert and Hauser, G{\"{u}}nter and Holl, Peter and H{\"{o}}mke, Andre and Johnsson, Per and Kimmel, Nils and K{\"{u}}hnel, Kai-Uwe and Messerschmidt, Marc and Reich, Christian and Rouz{\'{e}}e, Arnaud and Rudek, Benedikt and Schmidt, Carlo and Schulz, Joachim and Soltau, Heike and Stern, Stephan and Weidenspointner, Georg and White, Bill and K{\"{u}}pper, Jochen and Str{\"{u}}der, Lothar and Schlichting, Ilme and Ullrich, Joachim and Rolles, Daniel and Rudenko, Artem and M{\"{o}}ller, Thomas and Bostedt, Christoph},
doi = {10.1038/nphoton.2015.264},
issn = {1749-4885},
journal = {Nature Photonics},
number = {2},
pages = {93--97},
publisher = {Nature Publishing Group},
title = {{Femtosecond and nanometre visualization of structural dynamics in superheated nanoparticles}},
url = {http://www.nature.com/doifinder/10.1038/nphoton.2015.264},
volume = {10},
year = {2016}
}
