Automatically generated by Mendeley Desktop 1.17.11
Any changes to this file will be lost if it is regenerated by Mendeley.

BibTeX export options can be customized via Preferences -> BibTeX in Mendeley Desktop

@article{Grassberger1983,
author = {Grassberger, Peter and Procaccia, Itamar},
journal = {Physica D: Nonlinear Phenomena},
title = {{Measuring the Strangeness of Strange Attractors}},
year = {1983}
}
