Automatically generated by Mendeley Desktop 1.17.11
Any changes to this file will be lost if it is regenerated by Mendeley.

BibTeX export options can be customized via Preferences -> BibTeX in Mendeley Desktop

@article{Hantke2014a,
abstract = {{\textless}p{\textgreater}70,000 diffraction patterns captured over twelve minutes at the Linac Coherent Light Source yield reconstructions of the smallest single biological objects imaged with an X-ray laser.{\textless}/p{\textgreater}},
author = {Hantke, Max F. and Hasse, Dirk and Maia, Filipe R. N. C. and Ekeberg, Tomas and John, Katja and Svenda, Martin and Loh, N. Duane and Martin, Andrew V. and Timneanu, Nicusor and Larsson, Daniel S. D. and van der Schot, Gijs and Carlsson, Gunilla H. and Ingelman, Margareta and Andreasson, Jakob and Westphal, Daniel and Liang, Mengning and Stellato, Francesco and DePonte, Daniel P. and Hartmann, Robert and Kimmel, Nils and Kirian, Richard A. and Seibert, M. Marvin and M{\"{u}}hlig, Kerstin and Schorb, Sebastian and Ferguson, Ken and Bostedt, Christoph and Carron, Sebastian and Bozek, John D. and Rolles, Daniel and Rudenko, Artem and Epp, Sascha and Chapman, Henry N. and Barty, Anton and Hajdu, Janos and Andersson, Inger},
doi = {10.1038/nphoton.2014.270},
file = {:Users/Goldmund/Library/Application Support/Mendeley Desktop/Downloaded/Hantke et al. - 2014 - High-throughput imaging of heterogeneous cell organelles with an X-ray laser.pdf:pdf},
issn = {1749-4885},
journal = {Nature Photonics},
keywords = {Biophysics,Free,Imaging techniques,electron lasers},
month = {nov},
number = {12},
pages = {943--949},
publisher = {Nature Publishing Group},
title = {{High-throughput imaging of heterogeneous cell organelles with an X-ray laser}},
url = {http://www.nature.com/doifinder/10.1038/nphoton.2014.270},
volume = {8},
year = {2014}
}
