Automatically generated by Mendeley Desktop 1.17.11
Any changes to this file will be lost if it is regenerated by Mendeley.

BibTeX export options can be customized via Preferences -> BibTeX in Mendeley Desktop

@article{Harauz1986,
author = {Harauz, G and van Heel, M},
journal = {Optik},
number = {4},
pages = {146--156},
title = {{Exact filters for general geometry three dimensional reconstruction}},
url = {http://sbio.uct.ac.za/wp-content/uploads/2013/11/optik{\_}73{\_}4{\_}1986.pdf},
volume = {78},
year = {1986}
}
