Automatically generated by Mendeley Desktop 1.17.11
Any changes to this file will be lost if it is regenerated by Mendeley.

BibTeX export options can be customized via Preferences -> BibTeX in Mendeley Desktop

@misc{HDF5,
author = {{The HDF Group}},
title = {{Hierarchial Data Format, version 5}},
url = {http://www.hdfgroup.org/HDF5/}
}
