Automatically generated by Mendeley Desktop 1.17.11
Any changes to this file will be lost if it is regenerated by Mendeley.

BibTeX export options can be customized via Preferences -> BibTeX in Mendeley Desktop

@book{Hearnshaw1986,
abstract = {1. Introduction to spectroscopy, spectroscopes and spectrographs -- 2. The analysis of sunlight : the earliest pioneers -- 3. The foundations of spectral analysis : from Fraunhofer to Kirchoff -- 4. Early pioneers in stellar spectroscopy -- 5. Spectral classification at Harvard -- 6. The Doppler effect -- 7. The interpretation of stellar spectra and the birth of astrophysics -- 8. Spectral classification : from the Henry Draper catalogue to the MK-system -- 9. Spectroscopy of peculiar stars -- 10. Quantitative analysis of stellar spectra -- 11. Some miscellaneous topics in stellar spectoscopy : individual stars of note, stellar chromospheres and interstellar lines -- Appendix I: Table of solar lines designated by letters by Fraunhofer and others -- Appendix II: Vogel's first spectral classification scheme of 1874 -- Appendix III: Summary to replies to the 1910 questionnaire on spectral classification.},
author = {Hearnshaw, J. B.},
edition = {1st},
isbn = {9780521255486},
pages = {531},
publisher = {Cambridge University Press},
title = {{The analysis of starlight : one hundred and fifty years of astronomical spectroscopy}},
url = {https://books.google.com/books?id=iCs4AAAAIAAJ{\&}pg=PA34},
year = {1986}
}
