Automatically generated by Mendeley Desktop 1.17.11
Any changes to this file will be lost if it is regenerated by Mendeley.

BibTeX export options can be customized via Preferences -> BibTeX in Mendeley Desktop

@article{Hosseinizadeh2013,
author = {Hosseinizadeh, A and Schwander, P},
journal = {arXiv preprint arXiv: {\ldots}},
number = {414},
pages = {1--15},
title = {{High-Resolution Structure of Viruses from Random Snapshots}},
url = {http://arxiv.org/abs/1303.7253},
year = {2013}
}
