Automatically generated by Mendeley Desktop 1.17.11
Any changes to this file will be lost if it is regenerated by Mendeley.

BibTeX export options can be customized via Preferences -> BibTeX in Mendeley Desktop

@article{Hosseinizadeh2014,
author = {Hosseinizadeh, a and Schwander, P and Dashti, a and Fung, R and D'Souza, R M and Ourmazd, Abbas},
doi = {10.1098/rstb.2013.0326},
issn = {14712970},
journal = {Philosophical Transactions of the Royal Society B: Biological Sciences},
keywords = {XFEL},
pages = {20130326},
title = {{High-resolution structure of viruses from random diffraction snapshots}},
url = {http://rstb.royalsocietypublishing.org/cgi/doi/10.1098/rstb.2013.0326{\%}5Cnpapers2://publication/doi/10.1364/OE.20.004149},
volume = {369},
year = {2014}
}
