Automatically generated by Mendeley Desktop 1.17.11
Any changes to this file will be lost if it is regenerated by Mendeley.

BibTeX export options can be customized via Preferences -> BibTeX in Mendeley Desktop

@book{Hughes2012,
author = {Hughes, Stephan},
pages = {202--223},
publisher = {ArtDeCiel Publishing},
title = {{Catchers of the Light: The Forgotten Lives of the Men and Women Who First Photographed the Heavens}},
url = {https://books.google.com/books?id=iZk5OOf7fVYC{\&}printsec=frontcover{\&}source=gbs{\_}ge{\_}summary{\_}r{\&}cad=0{\#}v=onepage{\&}q{\&}f=false},
year = {2012}
}
