Automatically generated by Mendeley Desktop 1.17.11
Any changes to this file will be lost if it is regenerated by Mendeley.

BibTeX export options can be customized via Preferences -> BibTeX in Mendeley Desktop

@article{Kimura2014,
author = {Kimura, Takashi and Joti, Yasumasa and Shibuya, Akemi and Song, Changyong and Kim, Sangsoo and Tono, Kensuke and Yabashi, Makina and Tamakoshi, Masatada and Moriya, Toshiyuki and Oshima, Tairo and Ishikawa, Tetsuya and Bessho, Yoshitaka and Nishino, Yoshinori},
doi = {10.1038/ncomms4052},
issn = {2041-1723},
journal = {Nature Communications},
month = {jan},
title = {{Imaging live cell in micro-liquid enclosure by X-ray laser diffraction}},
url = {http://www.nature.com/doifinder/10.1038/ncomms4052},
volume = {5},
year = {2014}
}
