Automatically generated by Mendeley Desktop 1.17.11
Any changes to this file will be lost if it is regenerated by Mendeley.

BibTeX export options can be customized via Preferences -> BibTeX in Mendeley Desktop

@article{Lauginie2004,
author = {Lauginie, P.},
journal = {Proceedings of the Fifth International Conference for History of Science in Science Education},
title = {{Measuring Speed of Light: Why ? Speed of what?}},
url = {http://sci-ed.org/documents/Lauginie-M.pdf},
year = {2004}
}
