Automatically generated by Mendeley Desktop 1.17.11
Any changes to this file will be lost if it is regenerated by Mendeley.

BibTeX export options can be customized via Preferences -> BibTeX in Mendeley Desktop

@book{Linderstrom-Lang1952,
author = {Linderstr{\"{o}}m-Lang, Kaj Ulrik},
publisher = {Stanford University Press},
title = {{Proteins and Enzymes}},
year = {1952}
}
