Automatically generated by Mendeley Desktop 1.17.11
Any changes to this file will be lost if it is regenerated by Mendeley.

BibTeX export options can be customized via Preferences -> BibTeX in Mendeley Desktop

@article{Liu2015,
author = {Liu, H and Cheng, L},
doi = {10.1126/science.aaa4938},
issn = {0036-8075},
journal = {Science},
number = {6254},
pages = {1347--1350},
title = {{Cryo-EM shows the polymerase structures and a nonspooled genome within a dsRNA virus}},
url = {http://www.sciencemag.org/cgi/doi/10.1126/science.aaa4938},
volume = {349},
year = {2015}
}
