Automatically generated by Mendeley Desktop 1.17.11
Any changes to this file will be lost if it is regenerated by Mendeley.

BibTeX export options can be customized via Preferences -> BibTeX in Mendeley Desktop

@article{Loh2010b,
author = {Loh, Ne-Te Duane and Eisebitt, Stefan and Flewett, Samuel and Elser, Veit},
doi = {10.1103/PhysRevE.82.061128},
issn = {1539-3755},
journal = {Physical Review E},
month = {dec},
number = {6},
pages = {61128},
title = {{Recovering magnetization distributions from their noisy diffraction data}},
url = {http://link.aps.org/doi/10.1103/PhysRevE.82.061128},
volume = {82},
year = {2010}
}
