Automatically generated by Mendeley Desktop 1.17.11
Any changes to this file will be lost if it is regenerated by Mendeley.

BibTeX export options can be customized via Preferences -> BibTeX in Mendeley Desktop

@article{Loh2013a,
author = {Loh, N Duane and Starodub, Dmitri and Lomb, Lukas and Hampton, Christina Y and Martin, Andrew V and Sierra, Raymond G and Barty, Anton and Aquila, Andrew and Schulz, Joachim and Steinbrener, Jan and Shoeman, Robert L and Kassemeyer, Stephan and Bostedt, Christoph and Bozek, John and Epp, Sascha W and Erk, Benjamin and Hartmann, Robert and Rolles, Daniel and Rudenko, Artem and Rudek, Benedikt and Foucar, Lutz and Kimmel, Nils and Weidenspointner, Georg and Hauser, Guenter and Holl, Peter and Pedersoli, Emanuele and Liang, Mengning and Hunter, Mark S and Gumprecht, Lars and Coppola, Nicola and Wunderer, Cornelia and Graafsma, Heinz and Maia, Filipe R N C and Ekeberg, Tomas and Hantke, Max and Fleckenstein, Holger and Hirsemann, Helmut and Nass, Karol and White, Thomas A and Tobias, Herbert J and Farquar, George R and Benner, W Henry and Hau-Riege, Stefan and Reich, Christian and Hartmann, Andreas and Soltau, Heike and Marchesini, Stefano and Bajt, Sasa and Barthelmess, Miriam and Strueder, Lothar and Ullrich, Joachim and Bucksbaum, Philip and Frank, Matthias and Schlichting, Ilme and Chapman, Henry N and Bogan, Michael J},
doi = {10.1364/OE.21.012385},
issn = {1094-4087},
journal = {Optics Express},
month = {may},
number = {10},
pages = {12385},
title = {{Sensing the wavefront of x-ray free-electron lasers using aerosol spheres}},
url = {http://www.opticsinfobase.org/abstract.cfm?uri=oe-21-10-12385 https://www.osapublishing.org/oe/abstract.cfm?uri=oe-21-10-12385},
volume = {21},
year = {2013}
}
