Automatically generated by Mendeley Desktop 1.17.11
Any changes to this file will be lost if it is regenerated by Mendeley.

BibTeX export options can be customized via Preferences -> BibTeX in Mendeley Desktop

@article{Loh2012c,
author = {Loh, N D},
doi = {10.1117/12.930165},
editor = {Bones, Philip J and Fiddy, Michael A and Millane, Rick P},
journal = {SPIE Optical Engineering+ Applications},
keywords = {clus-,cryptotomography,di ff raction,expectation maximization,free-electron laser,phase-retrieval,reconstruction algorithms,tering,x-ray,xfels},
month = {oct},
pages = {85000K},
title = {{Effects of extraneous noise in Cryptotomography}},
url = {http://proceedings.spiedigitallibrary.org/proceeding.aspx?doi=10.1117/12.930165 http://proceedings.spiedigitallibrary.org/proceeding.aspx?articleid=1381760},
volume = {8500},
year = {2012}
}
