Automatically generated by Mendeley Desktop 1.17.11
Any changes to this file will be lost if it is regenerated by Mendeley.

BibTeX export options can be customized via Preferences -> BibTeX in Mendeley Desktop

@article{Loh2012d,
author = {Loh, N Duane and Starodub, Dmitri and Lomb, Lukas and Hampton, Christina Y and Martin, Andrew V and Sierra, Raymond G and Barty, Anton and Aquila, Andrew and Schulz, Joachim and Steinbrener, Jan and Shoeman, Robert L and Kassemeyer, Stephan and Bostedt, Christoph and Bozek, John and Sascha, W and Erk, Benjamin and Hartmann, Robert and Rolles, Daniel and Rudenko, Artem and Rudek, Benedikt and Foucar, Lutz and Kimmel, Nils and Weidenspointner, Georg and Hauser, Guenter and Holl, Peter and Pedersoli, Emanuele and Liang, Mengning and Hunter, Mark S and Gumprecht, Lars and Coppola, Nicola and Wunderer, Cornelia and Graafsma, Heinz and Maia, Filipe R N C and Ekeberg, Tomas and Fleckenstein, Holger and Hirsemann, Helmut and Nass, Karol and White, Thomas A and Tobias, Herbert J and Farquar, George R and Benner, W Henry and Hau-riege, Stefan and Hartmann, Andreas and Soltau, Heike and Marchesini, Stefano and Bajt, Sasa and Strueder, Lothar and Ullrich, Joachim and Bucksbaum, Philip and Hodgson, Keith O and Frank, Matthias and Schlichting, Ilme and Chapman, Henry N and Bogan, Michael J and Planck, Max and Study, Advanced},
doi = {10.1117/12.930075},
isbn = {9780819492210},
issn = {0277786X},
journal = {Proc. SPIE X-ray Free-Electron Lasers: Beam Diagnostics, Beamline Instrumentation and Applications},
pages = {850403},
title = {{Profiling structured beams using injected aerosols}},
volume = {8504},
year = {2012}
}
