Automatically generated by Mendeley Desktop 1.17.11
Any changes to this file will be lost if it is regenerated by Mendeley.

BibTeX export options can be customized via Preferences -> BibTeX in Mendeley Desktop

@article{MacQueen1967,
author = {MacQueen, J},
journal = {Proceedings of the Fifth Berkeley Symposium on Mathematical Statistics and Probability},
title = {{Some Methods for Classification and Analysis of Multivariate Observations}},
volume = {1},
year = {1967}
}
