Automatically generated by Mendeley Desktop 1.17.11
Any changes to this file will be lost if it is regenerated by Mendeley.

BibTeX export options can be customized via Preferences -> BibTeX in Mendeley Desktop

@article{Maia2012a,
author = {Maia, Filipe R N C},
doi = {10.1038/nmeth.2110},
issn = {1548-7091},
journal = {Nature Methods},
keywords = {Bioinformatics,Biophysics,Imaging},
month = {aug},
number = {9},
pages = {854--855},
publisher = {Nature Publishing Group},
title = {{The Coherent X-ray Imaging Data Bank}},
url = {http://www.nature.com/doifinder/10.1038/nmeth.2110},
volume = {9},
year = {2012}
}
