Automatically generated by Mendeley Desktop 1.17.11
Any changes to this file will be lost if it is regenerated by Mendeley.

BibTeX export options can be customized via Preferences -> BibTeX in Mendeley Desktop

@article{Maia2009,
author = {Maia, Filipe R. N. C. and Ekeberg, Tomas and Timneanu, Nicusor and van der Spoel, David and Hajdu, Janos},
doi = {10.1103/PhysRevE.80.031905},
issn = {1539-3755},
journal = {Physical Review E},
month = {sep},
number = {3},
pages = {031905},
title = {{Structural variability and the incoherent addition of scattered intensities in single-particle diffraction}},
url = {https://link.aps.org/doi/10.1103/PhysRevE.80.031905},
volume = {80},
year = {2009}
}
