Automatically generated by Mendeley Desktop 1.17.11
Any changes to this file will be lost if it is regenerated by Mendeley.

BibTeX export options can be customized via Preferences -> BibTeX in Mendeley Desktop

@article{Marchesini,
archivePrefix = {arXiv},
arxivId = {arXiv:0801.4969v3},
author = {Marchesini, Stefano and Sakdinawat, Anne E and Bogan, Michael J and Barty, Anton and Chapman, Henry N and Frank, Matthias and Hau-riege, Stefan P and Sz, Abraham and Cui, Congwu and Howells, Malcolm R and Shapiro, David a and John, C H and Shaevitz, Joshua W and Lee, Johanna Y and Hajdu, Janos and Seibert, Marvin M and Livermore, Lawrence and Ave, East},
eprint = {arXiv:0801.4969v3},
pages = {3--7},
title = {{Ultrafast, ultrabright, X-ray holography using a uniformly-redundant array}}
}
