Automatically generated by Mendeley Desktop 1.17.11
Any changes to this file will be lost if it is regenerated by Mendeley.

BibTeX export options can be customized via Preferences -> BibTeX in Mendeley Desktop

@article{MarvinSeibert2010,
author = {{Marvin Seibert}, M and Boutet, S{\'{e}}bastien and Svenda, Martin and Ekeberg, Tomas and Maia, Filipe R N C and Bogan, Michael J and T{\^{i}}mneanu, Nicusor and Barty, Anton and Hau-Riege, Stefan and Caleman, Carl and Frank, Matthias and Benner, Henry and Lee, Joanna Y and Marchesini, Stefano and Shaevitz, Joshua W and Fletcher, Daniel A and Bajt, Sasa and Andersson, Inger and Chapman, Henry N and Hajdu, Janos},
doi = {10.1088/0953-4075/43/19/194015},
issn = {0953-4075},
journal = {Journal of Physics B: Atomic, Molecular and Optical Physics},
month = {oct},
number = {19},
pages = {194015},
title = {{Femtosecond diffractive imaging of biological cells}},
url = {http://stacks.iop.org/0953-4075/43/i=19/a=194015?key=crossref.ba0a773e01cad155c783b0e7eef89f02},
volume = {43},
year = {2010}
}
