Automatically generated by Mendeley Desktop 1.17.11
Any changes to this file will be lost if it is regenerated by Mendeley.

BibTeX export options can be customized via Preferences -> BibTeX in Mendeley Desktop

@article{Miao1999,
author = {Miao, Jianwei and Charalambous, Pambos and Kirz, Janos and Sayre, David},
doi = {10.1038/22498},
issn = {00280836},
journal = {Nature},
month = {jul},
number = {6742},
pages = {342--344},
title = {{No Title}},
url = {http://www.nature.com/nature/journal/v400/n6742/abs/400342a0.html http://www.nature.com/doifinder/10.1038/22498},
volume = {400},
year = {1999}
}
