Automatically generated by Mendeley Desktop 1.17.11
Any changes to this file will be lost if it is regenerated by Mendeley.

BibTeX export options can be customized via Preferences -> BibTeX in Mendeley Desktop

@article{Miao1998,
abstract = {Received October 2, 1997; revised manuscript received January 15, 1998; accepted January 21, 1998 It is suggested that, given the magnitude of Fourier transforms sampled at the Bragg density, the phase prob- lem is underdetermined by a factor of 2 for 1D, 2D, and 3D ...},
author = {Miao, J and Sayre, D and Chapman, H N},
doi = {10.1364/JOSAA.15.001662},
isbn = {0740-3232},
issn = {1084-7529},
journal = {Journal of the Optical Society of America A},
number = {6},
pages = {1662},
pmid = {73756800020},
title = {{Phase retrieval from the magnitude of the Fourier transforms of nonperiodic objects}},
volume = {15},
year = {1998}
}
