Automatically generated by Mendeley Desktop 1.17.11
Any changes to this file will be lost if it is regenerated by Mendeley.

BibTeX export options can be customized via Preferences -> BibTeX in Mendeley Desktop

@article{Michelson1879,
author = {Michelson, Albert A.},
journal = {Proceedings of the American Association for the Advancement of Science},
pages = {71--77},
title = {{Experimental Determination of the Velocity of Light}},
url = {https://books.google.com/books?id=Vh0LAAAAYAAJ{\&}printsec=frontcover{\#}v=onepage{\&}q{\&}f=false},
year = {1879}
}
