Automatically generated by Mendeley Desktop 1.17.11
Any changes to this file will be lost if it is regenerated by Mendeley.

BibTeX export options can be customized via Preferences -> BibTeX in Mendeley Desktop

@article{Michelson1935,
author = {Michelson, A. A. and Pease, F. G. and Pearson, F.},
journal = {Contributions from the Mount Wilson Observatory / Carnegie Institution of Washington},
pages = {1--36},
title = {{Measurement of the velocity of light in a partial vacuum}},
url = {http://articles.adsabs.harvard.edu//full/1935CMWCI.522....1M/0000002.000.html},
volume = {522},
year = {1935}
}
