Automatically generated by Mendeley Desktop 1.17.11
Any changes to this file will be lost if it is regenerated by Mendeley.

BibTeX export options can be customized via Preferences -> BibTeX in Mendeley Desktop

@article{Michelson1927,
author = {Michelson, A. A.},
doi = {10.1086/143021},
issn = {0004-637X},
journal = {The Astrophysical Journal},
month = {jan},
pages = {1},
title = {{Measurement of the Velocity of Light Between Mount Wilson and Mount San Antonio}},
url = {http://adsabs.harvard.edu/doi/10.1086/143021},
volume = {65},
year = {1927}
}
