Automatically generated by Mendeley Desktop 1.17.11
Any changes to this file will be lost if it is regenerated by Mendeley.

BibTeX export options can be customized via Preferences -> BibTeX in Mendeley Desktop

@article{Murphy1964,
author = {Murphy, W. K. and Sears, G. W.},
doi = {10.1063/1.1713788},
issn = {0021-8979},
journal = {Journal of Applied Physics},
month = {jun},
number = {6},
pages = {1986--1987},
publisher = {American Institute of Physics},
title = {{Production of Particulate Beams}},
url = {http://aip.scitation.org/doi/10.1063/1.1713788},
volume = {35},
year = {1964}
}
