Automatically generated by Mendeley Desktop 1.17.11
Any changes to this file will be lost if it is regenerated by Mendeley.

BibTeX export options can be customized via Preferences -> BibTeX in Mendeley Desktop

@article{Mutzafi2015,
author = {Mutzafi, Maor and Shechtman, Yoav and Eldar, Yonina C and Cohen, Oren and Segev, Mordechai},
doi = {10.1038/ncomms8950},
issn = {2041-1723},
journal = {Nature Communications},
pages = {7950},
publisher = {Nature Publishing Group},
title = {{Sparsity-based Ankylography for Recovering 3D molecular structures from single-shot 2D scattered light intensity}},
url = {http://www.nature.com/doifinder/10.1038/ncomms8950},
volume = {6},
year = {2015}
}
