Automatically generated by Mendeley Desktop 1.17.11
Any changes to this file will be lost if it is regenerated by Mendeley.

BibTeX export options can be customized via Preferences -> BibTeX in Mendeley Desktop

@article{Neutze2014,
author = {Neutze, R.},
doi = {10.1098/rstb.2013.0318},
issn = {0962-8436},
journal = {Philosophical Transactions of the Royal Society B: Biological Sciences},
month = {jun},
number = {1647},
pages = {20130318--20130318},
title = {{Opportunities and challenges for time-resolved studies of protein structural dynamics at X-ray free-electron lasers}},
url = {http://rstb.royalsocietypublishing.org/cgi/doi/10.1098/rstb.2013.0318},
volume = {369},
year = {2014}
}
