Automatically generated by Mendeley Desktop 1.17.11
Any changes to this file will be lost if it is regenerated by Mendeley.

BibTeX export options can be customized via Preferences -> BibTeX in Mendeley Desktop

@article{Niaz2010,
author = {Niaz, Mansoor and Klassen, Stephen and McMillan, Barbara and Metz, Don},
doi = {10.1002/sce.20389},
issn = {00368326},
journal = {Science Education},
month = {sep},
number = {5},
pages = {903--931},
title = {{Reconstruction of the history of the photoelectric effect and its implications for general physics textbooks}},
url = {http://doi.wiley.com/10.1002/sce.20389},
volume = {94},
year = {2010}
}
