Automatically generated by Mendeley Desktop 1.17.11
Any changes to this file will be lost if it is regenerated by Mendeley.

BibTeX export options can be customized via Preferences -> BibTeX in Mendeley Desktop

@article{Park2013,
abstract = {Single shot diffraction imaging experiments via X - ray free - electron lasers can generate as many as hundreds of thousands of diffraction patterns of scattering objects. Recovering the real space contrast of a scattering object from these patterns currently requires a ... {\$}\backslash{\$}n},
author = {Park, Hyung Joo and Loh, N Duane and Sierra, Raymond G and Hampton, Christina Y and Starodub, Dmitri and Martin, Andrew V and Barty, Anton and Aquila, Andrew and Schulz, Joachim and Steinbrener, Jan and Shoeman, Robert L and Lomb, Lukas and Kassemeyer, Stephan and Bostedt, Christoph and Bozek, John and Epp, Sascha W and Erk, Benjamin and Hartmann, Robert and Rolles, Daniel and Rudenko, Artem and Rudek, Benedikt and Foucar, Lutz and Kimmel, Nils and Weidenspointner, Georg and Hauser, Guenter and Holl, Peter and Pedersoli, Emanuele and Liang, Mengning and Hunter, Mark S and Gumprecht, Lars and Coppola, Nicola and Wunderer, Cornelia and Graafsma, Heinz and Maia, Filipe R N C and Ekeberg, Tomas and Hantke, Max and Fleckenstein, Holger and Hirsemann, Helmut and Nass, Karol and Tobias, Herbert J and Farquar, George R and Benner, W Henry and Hau-Riege, Stefan and Reich, Christian and Hartmann, Andreas and Soltau, Heike and Marchesini, Stefano and Bajt, Sasa and Barthelmess, Miriam and Strueder, Lothar and Ullrich, Joachim and Bucksbaum, Philip and Frank, Matthias and Schlichting, Ilme and Chapman, Henry N and Bogan, Michael J and Elser, Veit},
doi = {10.1364/OE.21.028729},
isbn = {1094-4087},
issn = {1094-4087},
journal = {Optics Express},
number = {23},
pages = {28729},
pmid = {24514385},
title = {{Toward unsupervised single-shot diffractive imaging of heterogeneous particles using X-ray free-electron lasers}},
url = {http://www.opticsinfobase.org/abstract.cfm?URI=oe-21-23-28729},
volume = {21},
year = {2013}
}
