Automatically generated by Mendeley Desktop 1.17.11
Any changes to this file will be lost if it is regenerated by Mendeley.

BibTeX export options can be customized via Preferences -> BibTeX in Mendeley Desktop

@book{Pesin1998,
author = {Pesin, Yakov},
publisher = {University Of Chicago Press},
title = {{Dimension Theory in Dynamical Systems: Contemporary Views and Applications}},
year = {1998}
}
