Automatically generated by Mendeley Desktop 1.17.11
Any changes to this file will be lost if it is regenerated by Mendeley.

BibTeX export options can be customized via Preferences -> BibTeX in Mendeley Desktop

@book{Press2007,
author = {Press, William H and Teukolsky, Saul A and Vetterling, William T and Flannery, Brian P},
edition = {3},
isbn = {9780521880688},
publisher = {Cambridge University Press},
title = {{Numerical Recipes 3rd Edition: The Art of Scientific Computing}},
url = {http://amazon.com/o/ASIN/0521880688/},
year = {2007}
}
