Automatically generated by Mendeley Desktop 1.17.11
Any changes to this file will be lost if it is regenerated by Mendeley.

BibTeX export options can be customized via Preferences -> BibTeX in Mendeley Desktop

@article{Reddy2017,
author = {Reddy, Hemanth K.N. and Yoon, Chun Hong and Aquila, Andrew and Awel, Salah and Ayyer, Kartik and Barty, Anton and Berntsen, Peter and Bielecki, Johan and Bobkov, Sergey and Bucher, Maximilian and Carini, Gabriella A. and Carron, Sebastian and Chapman, Henry and Daurer, Benedikt and DeMirci, Hasan and Ekeberg, Tomas and Fromme, Petra and Hajdu, Janos and Hanke, Max Felix and Hart, Philip and Hogue, Brenda G. and Hosseinizadeh, Ahmad and Kim, Yoonhee and Kirian, Richard A. and Kurta, Ruslan P. and Larsson, Daniel S.D. and {Duane Loh}, N. and Maia, Filipe R.N.C. and Mancuso, Adrian P. and M{\"{u}}hlig, Kerstin and Munke, Anna and Nam, Daewoong and Nettelblad, Carl and Ourmazd, Abbas and Rose, Max and Schwander, Peter and Seibert, Marvin and Sellberg, Jonas A. and Song, Changyong and Spence, John C.H. and Svenda, Martin and {Van der Schot}, Gijs and Vartanyants, Ivan A. and Williams, Garth J. and Xavier, P. Lourdu},
doi = {10.1038/sdata.2017.79},
file = {:Users/Goldmund/Library/Application Support/Mendeley Desktop/Downloaded/Reddy et al. - 2017 - Coherent soft X-ray diffraction imaging of coliphage PR772 at the Linac coherent light source.pdf:pdf},
issn = {2052-4463},
journal = {Scientific Data},
keywords = {Biological physics,Single,Virus structures,X,molecule biophysics,ray tomography},
month = {jun},
pages = {170079},
publisher = {Nature Publishing Group},
title = {{Coherent soft X-ray diffraction imaging of coliphage PR772 at the Linac coherent light source}},
url = {http://www.nature.com/articles/sdata201779},
volume = {4},
year = {2017}
}
