Automatically generated by Mendeley Desktop 1.17.11
Any changes to this file will be lost if it is regenerated by Mendeley.

BibTeX export options can be customized via Preferences -> BibTeX in Mendeley Desktop

@article{Rodenburg1992,
author = {Rodenburg, J M and Bates, R H T},
doi = {10.1098/rsta.1992.0050},
issn = {1364-503X},
journal = {Philosophical Transactions of the Royal Society A: Mathematical, Physical and Engineering Sciences},
month = {jun},
number = {1655},
pages = {521--553},
title = {{The Theory of Super-Resolution Electron Microscopy Via Wigner-Distribution Deconvolution}},
url = {http://rsta.royalsocietypublishing.org/cgi/doi/10.1098/rsta.1992.0050},
volume = {339},
year = {1992}
}
