Automatically generated by Mendeley Desktop 1.17.11
Any changes to this file will be lost if it is regenerated by Mendeley.

BibTeX export options can be customized via Preferences -> BibTeX in Mendeley Desktop

@article{Rodenburg2007,
author = {Rodenburg, J M and Hurst, A C and Cullis, A G and Dobson, B R and Pfeiffer, F and Bunk, O and David, C and Jefimovs, K and Johnson, I},
doi = {10.1103/PhysRevLett.98.034801},
issn = {0031-9007},
journal = {Physical Review Letters},
month = {jan},
number = {3},
pages = {34801},
title = {{Hard-X-Ray Lensless Imaging of Extended Objects}},
url = {http://link.aps.org/doi/10.1103/PhysRevLett.98.034801 https://link.aps.org/doi/10.1103/PhysRevLett.98.034801},
volume = {98},
year = {2007}
}
