Automatically generated by Mendeley Desktop 1.17.11
Any changes to this file will be lost if it is regenerated by Mendeley.

BibTeX export options can be customized via Preferences -> BibTeX in Mendeley Desktop

@article{Rodenburg2004,
author = {Rodenburg, J M and Faulkner, H M L},
doi = {10.1063/1.1823034},
issn = {0003-6951},
journal = {Applied Physics Letters},
month = {nov},
number = {20},
pages = {4795--4797},
title = {{A phase retrieval algorithm for shifting illumination}},
url = {http://link.aip.org/link/APPLAB/v85/i20/p4795/s1{\&}Agg=doi http://aip.scitation.org/doi/10.1063/1.1823034},
volume = {85},
year = {2004}
}
