Automatically generated by Mendeley Desktop 1.17.11
Any changes to this file will be lost if it is regenerated by Mendeley.

BibTeX export options can be customized via Preferences -> BibTeX in Mendeley Desktop

@article{Rosato2009,
author = {Rosato, Antonio and Bagaria, Anurag and Baker, David and Bardiaux, Benjamin and Cavalli, Andrea and Doreleijers, Jurgen F and Giachetti, Andrea and Guerry, Paul and G{\"{u}}ntert, Peter and Herrmann, Torsten and Huang, Yuanpeng J and Jonker, Hendrik R A and Mao, Binchen and Malliavin, Th{\'{e}}r{\`{e}}se E and Montelione, Gaetano T and Nilges, Michael and Raman, Srivatsan and van der Schot, Gijs and Vranken, Wim F and Vuister, Geerten W and Bonvin, Alexandre M J J},
doi = {10.1038/nmeth0909-625},
file = {:Users/Goldmund/Library/Application Support/Mendeley Desktop/Downloaded/Rosato et al. - 2009 - CASD-NMR critical assessment of automated structure determination by NMR.pdf:pdf},
issn = {1548-7091},
journal = {Nature Methods},
month = {sep},
number = {9},
pages = {625--626},
publisher = {Nature Publishing Group},
title = {{CASD-NMR: critical assessment of automated structure determination by NMR}},
url = {http://www.nature.com/doifinder/10.1038/nmeth0909-625},
volume = {6},
year = {2009}
}
