Automatically generated by Mendeley Desktop 1.17.11
Any changes to this file will be lost if it is regenerated by Mendeley.

BibTeX export options can be customized via Preferences -> BibTeX in Mendeley Desktop

@article{Rosenthal2003,
author = {Rosenthal, Peter B and Henderson, Richard},
doi = {10.1016/j.jmb.2003.07.013},
issn = {00222836},
journal = {Journal of Molecular Biology},
keywords = {absolute,electron cryomicroscopy,hand,pyruvate dehydrogenase,single particle reconstruction,tilt pairs},
month = {oct},
number = {4},
pages = {721--745},
title = {{Optimal Determination of Particle Orientation, Absolute Hand, and Contrast Loss in Single-particle Electron Cryomicroscopy}},
url = {http://linkinghub.elsevier.com/retrieve/pii/S0022283603010222},
volume = {333},
year = {2003}
}
