Automatically generated by Mendeley Desktop 1.17.11
Any changes to this file will be lost if it is regenerated by Mendeley.

BibTeX export options can be customized via Preferences -> BibTeX in Mendeley Desktop

@book{Rossmann1972,
address = {New York},
author = {Rossmann, M},
publisher = {Gordon and Breach},
title = {{The molecular replacement method  a collection of papers on the use of non-crystallographic symmetry.}},
url = {http://www.worldcat.org/title/molecular-replacement-method-a-collection-of-papers-on-the-use-of-non-crystallographic-symmetry/oclc/354844},
year = {1972}
}
