Automatically generated by Mendeley Desktop 1.17.11
Any changes to this file will be lost if it is regenerated by Mendeley.

BibTeX export options can be customized via Preferences -> BibTeX in Mendeley Desktop

@article{Rossmann1962,
author = {Rossmann, M. G. and Blow, D. M.},
doi = {10.1107/S0365110X62000067},
issn = {0365-110X},
journal = {Acta Crystallographica},
month = {jan},
number = {1},
pages = {24--31},
title = {{The detection of sub-units within the crystallographic asymmetric unit}},
url = {http://scripts.iucr.org/cgi-bin/paper?S0365110X62000067},
volume = {15},
year = {1962}
}
