Automatically generated by Mendeley Desktop 1.17.11
Any changes to this file will be lost if it is regenerated by Mendeley.

BibTeX export options can be customized via Preferences -> BibTeX in Mendeley Desktop

@article{Sayre1952a,
author = {Sayre, D.},
doi = {10.1107/S0365110X52002276},
file = {:Users/Goldmund/Library/Application Support/Mendeley Desktop/Downloaded/Sayre - 1952 - Some implications of a theorem due to Shannon.pdf:pdf},
issn = {0365-110X},
journal = {Acta Crystallographica},
month = {nov},
number = {6},
pages = {843--843},
publisher = {Blackwell Publishing Ltd},
title = {{Some implications of a theorem due to Shannon}},
url = {http://scripts.iucr.org/cgi-bin/paper?S0365110X52002276},
volume = {5},
year = {1952}
}
