Automatically generated by Mendeley Desktop 1.17.11
Any changes to this file will be lost if it is regenerated by Mendeley.

BibTeX export options can be customized via Preferences -> BibTeX in Mendeley Desktop

@article{Schlotter2012,
author = {Schlotter, W F and Turner, J J and Rowen, M and Heimann, P and Holmes, M and Krupin, O and Messerschmidt, M and Moeller, S and Krzywinski, J and Soufli, R and Fern{\'{a}}ndez-Perea, M and Kelez, N and Lee, S and Coffee, R and Hays, G and Beye, M and Gerken, N and Sorgenfrei, F and Hau-Riege, S and Juha, L and Chalupsky, J and Hajkova, V and Mancuso, A P and Singer, A and Yefanov, O and Vartanyants, I A and Cadenazzi, G and Abbey, B and Nugent, K A and Sinn, H and L{\"{u}}ning, J and Schaffert, S and Eisebitt, S and Lee, W.-S. and Scherz, A and Nilsson, A R and Wurth, W},
doi = {10.1063/1.3698294},
journal = {Review of Scientific Instruments},
number = {4},
pages = {43107},
title = {{The soft x-ray instrument for materials studies at the linac coherent light source x-ray free-electron laser}},
url = {http://dx.doi.org/10.1063/1.3698294},
volume = {83},
year = {2012}
}
