Automatically generated by Mendeley Desktop 1.17.11
Any changes to this file will be lost if it is regenerated by Mendeley.

BibTeX export options can be customized via Preferences -> BibTeX in Mendeley Desktop

@techreport{Schneidmiller2011,
author = {Schneidmiller, E A and Yurkov, M V},
title = {{Photon beam properties at the European XFEL}},
url = {https://bib-pubdb1.desy.de/record/92341/files/TR-2011-006{\_}Photon{\_}Beam{\_}Properties{\_}2011-09-08.pdf},
year = {2011}
}
