Automatically generated by Mendeley Desktop 1.17.11
Any changes to this file will be lost if it is regenerated by Mendeley.

BibTeX export options can be customized via Preferences -> BibTeX in Mendeley Desktop

@article{Schwander2010,
author = {Schwander, P and Fung, R and Phillips, G N and Ourmazd, a},
doi = {10.1088/1367-2630/12/3/035007},
issn = {1367-2630},
journal = {New Journal of Physics},
month = {mar},
number = {3},
pages = {35007},
title = {{Mapping the conformations of biological assemblies}},
url = {http://stacks.iop.org/1367-2630/12/i=3/a=035007?key=crossref.e63880fd721b7dc1cabac873bfb420a6},
volume = {12},
year = {2010}
}
