Automatically generated by Mendeley Desktop 1.17.11
Any changes to this file will be lost if it is regenerated by Mendeley.

BibTeX export options can be customized via Preferences -> BibTeX in Mendeley Desktop

@article{Scola2003,
author = {Scola, B La and Audic, S and Robert, Catherine},
journal = {Science},
number = {March},
pages = {2033},
title = {{A giant virus in amoebae}},
url = {http://www.sciencemag.org/content/299/5615/2033.short},
volume = {299},
year = {2003}
}
