Automatically generated by Mendeley Desktop 1.17.11
Any changes to this file will be lost if it is regenerated by Mendeley.

BibTeX export options can be customized via Preferences -> BibTeX in Mendeley Desktop

@article{Seibert2011,
author = {Seibert, M. Marvin and Ekeberg, Tomas and Maia, Filipe R. N. C. and Svenda, Martin and Andreasson, Jakob and J{\"{o}}nsson, Olof and Odi{\'{c}}, Du{\v{s}}ko and Iwan, Bianca and Rocker, Andrea and Westphal, Daniel and Hantke, Max and DePonte, Daniel P. and Barty, Anton and Schulz, Joachim and Gumprecht, Lars and Coppola, Nicola and Aquila, Andrew and Liang, Mengning and White, Thomas A. and Martin, Andrew and Caleman, Carl and Stern, Stephan and Abergel, Chantal and Seltzer, Virginie and Claverie, Jean-Michel and Bostedt, Christoph and Bozek, John D. and Boutet, S{\'{e}}bastien and Miahnahri, A. Alan and Messerschmidt, Marc and Krzywinski, Jacek and Williams, Garth and Hodgson, Keith O. and Bogan, Michael J. and Hampton, Christina Y. and Sierra, Raymond G. and Starodub, Dmitri and Andersson, Inger and Bajt, Sa{\v{s}}a and Barthelmess, Miriam and Spence, John C. H. and Fromme, Petra and Weierstall, Uwe and Kirian, Richard and Hunter, Mark and Doak, R. Bruce and Marchesini, Stefano and Hau-Riege, Stefan P. and Frank, Matthias and Shoeman, Robert L. and Lomb, Lukas and Epp, Sascha W. and Hartmann, Robert and Rolles, Daniel and Rudenko, Artem and Schmidt, Carlo and Foucar, Lutz and Kimmel, Nils and Holl, Peter and Rudek, Benedikt and Erk, Benjamin and H{\"{o}}mke, Andr{\'{e}} and Reich, Christian and Pietschner, Daniel and Weidenspointner, Georg and Str{\"{u}}der, Lothar and Hauser, G{\"{u}}nter and Gorke, Hubert and Ullrich, Joachim and Schlichting, Ilme and Herrmann, Sven and Schaller, Gerhard and Schopper, Florian and Soltau, Heike and K{\"{u}}hnel, Kai-Uwe and Andritschke, Robert and Schr{\"{o}}ter, Claus-Dieter and Krasniqi, Faton and Bott, Mario and Schorb, Sebastian and Rupp, Daniela and Adolph, Marcus and Gorkhover, Tais and Hirsemann, Helmut and Potdevin, Guillaume and Graafsma, Heinz and Nilsson, Bj{\"{o}}rn and Chapman, Henry N. and Hajdu, Janos},
doi = {10.1038/nature09748},
issn = {0028-0836},
journal = {Nature},
month = {feb},
number = {7332},
pages = {78--81},
title = {{Single mimivirus particles intercepted and imaged with an X-ray laser}},
url = {http://www.nature.com/doifinder/10.1038/nature09748},
volume = {470},
year = {2011}
}
