Automatically generated by Mendeley Desktop 1.17.11
Any changes to this file will be lost if it is regenerated by Mendeley.

BibTeX export options can be customized via Preferences -> BibTeX in Mendeley Desktop

@article{SezanMIStark1982,
author = {{Sezan, MI, Stark}, H},
journal = {IEEE transactions on medical imaging},
number = {2},
pages = {95--101},
title = {{Image Restoration by the Method of Convex Projections: Part 2-Applications and Numerical Results}},
volume = {MI-1},
year = {1982}
}
