Automatically generated by Mendeley Desktop 1.17.11
Any changes to this file will be lost if it is regenerated by Mendeley.

BibTeX export options can be customized via Preferences -> BibTeX in Mendeley Desktop

@article{Shannon1949,
author = {Shannon, C E},
journal = {Bell system technical journal},
number = {July},
title = {{Communication Theory of Secrecy Systems*}},
url = {http://onlinelibrary.wiley.com/doi/10.1002/j.1538-7305.1949.tb00928.x/abstract},
year = {1949}
}
