Automatically generated by Mendeley Desktop 1.17.11
Any changes to this file will be lost if it is regenerated by Mendeley.

BibTeX export options can be customized via Preferences -> BibTeX in Mendeley Desktop

@article{Song2008,
author = {Song, Changyong and Jiang, Huaidong and Mancuso, Adrian and Amirbekian, Bagrat and Peng, Li and Sun, Ren and Shah, Sanket and Zhou, Z and Ishikawa, Tetsuya and Miao, Jianwei},
doi = {10.1103/PhysRevLett.101.158101},
issn = {0031-9007},
journal = {Physical Review Letters},
month = {oct},
number = {15},
pages = {158101},
title = {{Quantitative Imaging of Single, Unstained Viruses with Coherent X Rays}},
url = {http://link.aps.org/doi/10.1103/PhysRevLett.101.158101},
volume = {101},
year = {2008}
}
