Automatically generated by Mendeley Desktop 1.17.11
Any changes to this file will be lost if it is regenerated by Mendeley.

BibTeX export options can be customized via Preferences -> BibTeX in Mendeley Desktop

@article{Spence2012,
author = {Spence, J C H and Weierstall, U and Chapman, H N},
doi = {10.1088/0034-4885/75/10/102601},
issn = {0034-4885},
journal = {Reports on Progress in Physics},
month = {oct},
number = {10},
pages = {102601},
title = {{X-ray lasers for structural and dynamic biology}},
url = {http://stacks.iop.org/0034-4885/75/i=10/a=102601?key=crossref.4bb9e8eb86ff9f8aec65fdc237ef47ae},
volume = {75},
year = {2012}
}
