Automatically generated by Mendeley Desktop 1.17.11
Any changes to this file will be lost if it is regenerated by Mendeley.

BibTeX export options can be customized via Preferences -> BibTeX in Mendeley Desktop

@book{Stachel2009,
author = {Stachel, John J. and Stachel, John},
isbn = {1402013086},
publisher = {Springer},
title = {{Going critical}},
url = {http://www.mpiwg-berlin.mpg.de/Preprints/P265.PDF},
year = {2009}
}
