Automatically generated by Mendeley Desktop 1.17.11
Any changes to this file will be lost if it is regenerated by Mendeley.

BibTeX export options can be customized via Preferences -> BibTeX in Mendeley Desktop

@book{Stout,
author = {{Stout G}, Jensen L},
title = {{X-ray structure determination: A practical guide}},
url = {http://www.getcited.org/pub/101266751},
year = {1989}
}
