Automatically generated by Mendeley Desktop 1.17.11
Any changes to this file will be lost if it is regenerated by Mendeley.

BibTeX export options can be customized via Preferences -> BibTeX in Mendeley Desktop

@article{Struder2010,
author = {Str{\"{u}}der, Lothar and Epp, Sascha and Rolles, Daniel and Hartmann, Robert and Holl, Peter and Lutz, Gerhard and Soltau, Heike and Eckart, Rouven and Reich, Christian and Heinzinger, Klaus and Thamm, Christian and Rudenko, Artem and Krasniqi, Faton and K{\"{u}}hnel, Kai-Uwe and Bauer, Christian and Schr{\"{o}}ter, Claus-Dieter and Moshammer, Robert and Techert, Simone and Miessner, Danilo and Porro, Matteo and H{\"{a}}lker, Olaf and Meidinger, Norbert and Kimmel, Nils and Andritschke, Robert and Schopper, Florian and Weidenspointner, Georg and Ziegler, Alexander and Pietschner, Daniel and Herrmann, Sven and Pietsch, Ullrich and Walenta, Albert and Leitenberger, Wolfram and Bostedt, Christoph and M{\"{o}}ller, Thomas and Rupp, Daniela and Adolph, Marcus and Graafsma, Heinz and Hirsemann, Helmut and G{\"{a}}rtner, Klaus and Richter, Rainer and Foucar, Lutz and Shoeman, Robert L and Schlichting, Ilme and Ullrich, Joachim},
doi = {10.1016/j.nima.2009.12.053},
issn = {01689002},
journal = {Nuclear Instruments and Methods in Physics Research Section A: Accelerators, Spectrometers, Detectors and Associated Equipment},
month = {mar},
pages = {483--496},
title = {{Large-format, high-speed, X-ray pnCCDs combined with electron and ion imaging spectrometers in a multipurpose chamber for experiments at 4th generation light sources}},
url = {http://linkinghub.elsevier.com/retrieve/pii/S0168900209023900},
volume = {614},
year = {2010}
}
