Automatically generated by Mendeley Desktop 1.17.11
Any changes to this file will be lost if it is regenerated by Mendeley.

BibTeX export options can be customized via Preferences -> BibTeX in Mendeley Desktop

@article{Suga2014,
author = {Suga, Michihiro and Akita, Fusamichi and Hirata, Kunio and Ueno, Go and Murakami, Hironori and Nakajima, Yoshiki and Shimizu, Tetsuya and Yamashita, Keitaro and Yamamoto, Masaki and Ago, Hideo and Shen, Jian-Ren},
doi = {10.1038/nature13991},
issn = {0028-0836},
journal = {Nature},
month = {nov},
publisher = {Nature Publishing Group},
title = {{Native structure of photosystem II at 1.95 {\AA}resolution viewed by femtosecond X-ray pulses}},
url = {http://www.nature.com/doifinder/10.1038/nature13991},
year = {2014}
}
