Automatically generated by Mendeley Desktop 1.17.11
Any changes to this file will be lost if it is regenerated by Mendeley.

BibTeX export options can be customized via Preferences -> BibTeX in Mendeley Desktop

@article{Thibault2012a,
author = {Thibault, Pierre and Guizar-Sicairos, Manuel},
doi = {10.1088/1367-2630/14/6/063004},
issn = {1367-2630},
journal = {New Journal of Physics},
month = {jun},
number = {6},
pages = {63004},
title = {{Maximum-likelihood refinement for coherent diffractive imaging}},
url = {http://stacks.iop.org/1367-2630/14/i=6/a=063004?key=crossref.62156bc9642c30b4aec681b437534e64},
volume = {14},
year = {2012}
}
