Automatically generated by Mendeley Desktop 1.17.11
Any changes to this file will be lost if it is regenerated by Mendeley.

BibTeX export options can be customized via Preferences -> BibTeX in Mendeley Desktop

@article{VanderSchot2015a,
author = {van der Schot, Gijs and Bonvin, Alexandre M. J. J.},
doi = {10.1007/s10858-015-9942-7},
file = {:Users/Goldmund/Library/Application Support/Mendeley Desktop/Downloaded/van der Schot, Bonvin - 2015 - Performance of the WeNMR CS-Rosetta3 web server in CASD-NMR.pdf:pdf},
issn = {0925-2738},
journal = {Journal of Biomolecular NMR},
month = {aug},
number = {4},
pages = {497--502},
publisher = {Springer Netherlands},
title = {{Performance of the WeNMR CS-Rosetta3 web server in CASD-NMR}},
url = {http://link.springer.com/10.1007/s10858-015-9942-7},
volume = {62},
year = {2015}
}
