Automatically generated by Mendeley Desktop 1.17.11
Any changes to this file will be lost if it is regenerated by Mendeley.

BibTeX export options can be customized via Preferences -> BibTeX in Mendeley Desktop

@article{Vartanyants2010,
author = {Vartanyants, I A and Mancuso, A P and Singer, A and Yefanov, O M and Gulden, J},
doi = {10.1088/0953-4075/43/19/194016},
issn = {0953-4075},
journal = {Journal of Physics B: Atomic, Molecular and Optical Physics},
month = {oct},
number = {19},
pages = {194016},
title = {{Coherence measurements and coherent diffractive imaging at FLASH}},
url = {http://stacks.iop.org/0953-4075/43/i=19/a=194016?key=crossref.27b9d3be6e2f25072f90c581b6d208cf},
volume = {43},
year = {2010}
}
