Automatically generated by Mendeley Desktop 1.17.11
Any changes to this file will be lost if it is regenerated by Mendeley.

BibTeX export options can be customized via Preferences -> BibTeX in Mendeley Desktop

@article{Walczak2014,
author = {{Walczak Micha{\l}and Grubm{\"{u}}ller}, Helmut},
doi = {10.1103/PhysRevE.90.022714},
issn = {1539-3755},
journal = {Physical Review E},
month = {aug},
number = {2},
pages = {22714},
title = {{Bayesian orientation estimate and structure information from sparse single-molecule x-ray diffraction images}},
url = {http://link.aps.org/doi/10.1103/PhysRevE.90.022714},
volume = {90},
year = {2014}
}
