Automatically generated by Mendeley Desktop 1.17.11
Any changes to this file will be lost if it is regenerated by Mendeley.

BibTeX export options can be customized via Preferences -> BibTeX in Mendeley Desktop

@book{Walker1998,
abstract = {Originally published: New York : McGraw-Hill, 1995.},
author = {Walker, Bruce H.},
isbn = {0819427640},
pages = {341},
publisher = {SPIE Optical Engineering Press},
title = {{Optical engineering fundamentals}},
url = {https://books.google.com/books?id=Ccx9OM7iph8C{\&}pg=PA13},
year = {1998}
}
