Automatically generated by Mendeley Desktop 1.17.11
Any changes to this file will be lost if it is regenerated by Mendeley.

BibTeX export options can be customized via Preferences -> BibTeX in Mendeley Desktop

@article{Wassenaar2012,
author = {Wassenaar, Tsjerk A. and van Dijk, Marc and Loureiro-Ferreira, Nuno and van der Schot, Gijs and de Vries, Sjoerd J. and Schmitz, Christophe and van der Zwan, Johan and Boelens, Rolf and Giachetti, Andrea and Ferella, Lucio and Rosato, Antonio and Bertini, Ivano and Herrmann, Torsten and Jonker, Hendrik R. A. and Bagaria, Anurag and Jaravine, Victor and G{\"{u}}ntert, Peter and Schwalbe, Harald and Vranken, Wim F. and Doreleijers, Jurgen F. and Vriend, Gert and Vuister, Geerten W. and Franke, Daniel and Kikhney, Alexey and Svergun, Dmitri I. and Fogh, Rasmus H. and Ionides, John and Laue, Ernest D. and Spronk, Chris and Jurk{\v{s}}a, Simonas and Verlato, Marco and Badoer, Simone and {Dal Pra}, Stefano and Mazzucato, Mirco and Frizziero, Eric and Bonvin, Alexandre M. J. J.},
doi = {10.1007/s10723-012-9246-z},
issn = {1570-7873},
journal = {Journal of Grid Computing},
keywords = {Nuclear magnetic resonance,Proteins,Small angle x-ray scattering,Structural biology,Virtual research community,Web portals},
month = {dec},
number = {4},
pages = {743--767},
publisher = {Springer-Verlag New York, Inc.},
title = {{WeNMR: Structural Biology on the Grid}},
url = {http://link.springer.com/10.1007/s10723-012-9246-z},
volume = {10},
year = {2012}
}
