Automatically generated by Mendeley Desktop 1.17.11
Any changes to this file will be lost if it is regenerated by Mendeley.

BibTeX export options can be customized via Preferences -> BibTeX in Mendeley Desktop

@article{Wheatstone1834,
author = {Wheatstone, C.},
doi = {10.1098/rstl.1834.0031},
issn = {0261-0523},
journal = {Philosophical Transactions of the Royal Society of London},
month = {jan},
number = {0},
pages = {583--591},
title = {{An Account of Some Experiments to Measure the Velocity of Electricity and the Duration of Electric Light}},
url = {http://rstl.royalsocietypublishing.org/cgi/doi/10.1098/rstl.1834.0031},
volume = {124},
year = {1834}
}
