Automatically generated by Mendeley Desktop 1.17.11
Any changes to this file will be lost if it is regenerated by Mendeley.

BibTeX export options can be customized via Preferences -> BibTeX in Mendeley Desktop

@article{Yoshidome2015,
author = {Yoshidome, Takashi and Oroguchi, Tomotaka and Nakasako, Masayoshi and Ikeguchi, Mitsunori},
doi = {10.1103/PhysRevE.92.032710},
issn = {1539-3755},
journal = {Physical Review E},
number = {3},
pages = {32710},
title = {{Classification of projection images of proteins with structural polymorphism by manifold: A simulation study for x-ray free-electron laser diffraction imaging}},
url = {http://link.aps.org/doi/10.1103/PhysRevE.92.032710},
volume = {92},
year = {2015}
}
