Automatically generated by Mendeley Desktop 1.17.11
Any changes to this file will be lost if it is regenerated by Mendeley.

BibTeX export options can be customized via Preferences -> BibTeX in Mendeley Desktop

@article{Young2010,
author = {Young, L. and Kanter, E. P. and Kr{\"{a}}ssig, B. and Li, Y. and March, A. M. and Pratt, S. T. and Santra, R. and Southworth, S. H. and Rohringer, N. and DiMauro, L. F. and Doumy, G. and Roedig, C. A. and Berrah, N. and Fang, L. and Hoener, M. and Bucksbaum, P. H. and Cryan, J. P. and Ghimire, S. and Glownia, J. M. and Reis, D. A. and Bozek, J. D. and Bostedt, C. and Messerschmidt, M.},
doi = {10.1038/nature09177},
issn = {0028-0836},
journal = {Nature},
month = {jul},
number = {7302},
pages = {56--61},
title = {{Femtosecond electronic response of atoms to ultra-intense X-rays}},
url = {http://www.nature.com/doifinder/10.1038/nature09177},
volume = {466},
year = {2010}
}
