Automatically generated by Mendeley Desktop 1.17.11
Any changes to this file will be lost if it is regenerated by Mendeley.

BibTeX export options can be customized via Preferences -> BibTeX in Mendeley Desktop

@book{Yuen2007,
author = {Yuen, Pui Sum},
isbn = {9789881730411},
title = {{Phase-retrieval method and applications}},
year = {2007}
}
